% This file was created with JabRef 2.9b2.
% Encoding: ISO8859_1

@ARTICLE{Geim2001,
  author = {Geim, A. K. and ter Tisha, H. A. M. S.},
  title = {Detection of earth rotation with a diamagnetically levitating gyroscope},
  journal = {Physica B: Condensed Matter},
  year = {2001},
  volume = {294--295},
  pages = {736--739},
  doi = {10.1016/S0921-4526(00)00753-5},
  quality = {1}
}

@article{Koch2007,
	author = {Koch, J. and Yu, T. M. and Gambetta, J. and Houck, A. A. and Schuster, D. I. and Majer, J. and Blais, A. and Devoret, M. H. and Girvin, S. M. and Schoelkopf, R. J.},
	title = {Charge insensitive qubit design derived from the Cooper pair box},
	journal = {Physical Review, A},
	volume = {76},
	month = {February},
	year = {2007},
	version = {2},
	doi = {10.1103/PhysRevA.76.042319},
}

@article{Wang2015,
	author = {Wang, C. and Axline, C. and Gao, Y. Y. and Brecht, T. and Frunzio, L. and Devoret, M. H. and Schoelkopf, R. J.},
	title = { Surface participation and dielectric loss in superconducting qubits},
	journal = {Applied Physics Letters},
	date = {6 sep 2015},
	volume = {107},
	month = {September},
	year = {2015},
	doi = {10.1063/1.4934486},
}

@Article{Bruno2015,
	author = {Bruno, A. and de Lange, G. and Asaad, S. and van der Enden, K. L. and Langford, N. K. and DiCarlo, L.},
	title = {Reducing intrinsic loss in superconducting resonators by surface treatment and deep etching of silicon substrate},
	journal = {Applied Physics Letters},
	year = {2011},
	volume = {106},
	month = {February},
	doi = {10.1063/1.4919761},
}

@Article{sep-qt-quantcomp,
	author       =	{Hagar, Amit and Cuffaro, Michael},
	title        =	{Quantum Computing},
	subtitle    =	{The Stanford Encyclopedia of Philosophy},
	editor       =	{Edward N. Zalta},
	URL 		=	{http://plato.stanford.edu/archives/sum2015/entries/qt-quantcomp/},
	year         =	{2015},
	edition      =	{Summer 2015},
}

@article{PhysRevLett.95.210503,
	title = {Decoherence in Josephson Qubits from Dielectric Loss},
	author = {Martinis, John M. and Cooper, K. B. and McDermott, R. and Steffen, Matthias and Ansmann, Markus and Osborn, K. D. and Cicak, K. and Oh, Seongshik and Pappas, D. P. and Simmonds, R. W. and Yu, Clare C.},
	journal = {Phys. Rev. Lett.},
	volume = {95},
	issue = {21},
	pages = {210503},
	numpages = {4},
	year = {2005},
	month = {Nov},
	publisher = {American Physical Society},
	doi = {10.1103/PhysRevLett.95.210503},
	url = {http://link.aps.org/doi/10.1103/PhysRevLett.95.210503}
}



